@article{2019Stress,
  title   = {Stress-matrix-based formation scaling control},
  author  = {Qingkai Yang and Zhiyong Sun and Ming Cao and Hao Fang and Jie Chen},
  journal = {Automatica},
  year    = {2019}
}